@misc{stack-overflow-dev-survey,
  title        = {Stack Overflow 2020 Developer Survey},
  author       = {StackOverflow},
  year         = {2020},
  publisher    = {Stack Overflow},
  howpublished = {\url{https://insights.stackoverflow.com/survey/2020}}
}

@inproceedings{molina2019quid,
  title     = {Quid: prototyping web components on the web},
  author    = {Molina, Pedro J},
  booktitle = {Proceedings of the ACM SIGCHI Symposium on Engineering Interactive Computing Systems},
  pages     = {1--5},
  year      = {2019}
}

@misc{customelements-initial,
  url     = {https://www.w3.org/TR/2013/WD-custom-elements-20130514/#about},
  journal = {Custom Elements},
  author  = {W3C},
  year    = {2013},
  month   = {May}
}

@misc{webcomponents-support,
  url     = {https://caniuse.com/?search=webcomponents},
  journal = {Can I use... Support tables for HTML5, CSS3, etc},
  year    = {2020}
}

@misc{custom-elements-everyhwere,
  url     = {https://custom-elements-everywhere.com/},
  journal = {Custom Elements Everywhere},
  year    = {2020}
}

@misc{typescript-release,
  url     = {https://devblogs.microsoft.com/typescript/announcing-typescript-0-8-1/},
  journal = {Announcying TypeSript 0.8.1},
  year    = {2012},
  month   = {November},
  author  = {Luke}
}

@mastersthesis{armengol2020development,
  title  = {Development of an Angular library for dynamic loading of web components},
  author = {Armengol Barahona, Jaume},
  type   = {{B.S.} thesis},
  year   = {2020},
  school = {Universitat Polit{\`e}cnica de Catalunya}
}

 @misc{basal_2019,
  title   = {Understanding the Magic Behind Angular Elements},
  url     = {https://netbasal.com/understanding-the-magic-behind-angular-elements-8e6804f32e9f},
  journal = {Medium},
  author  = {Basal, Netanel},
  year    = {2019},
  month   = {Jun}
} 

 @misc{kitson_2019,
  title   = {Angular Element (web components) — wrapping an angular app in a custom element},
  url     = {https://medium.com/kitson.mac/wrapping-an-angular-app-in-a-custom-element-web-component-angular-element-in-4-simple-steps-ded3554e9006},
  journal = {Medium},
  author  = {Kitson, Chris},
  year    = {2019},
  month   = {Feb}
} 

 @misc{mackey-paulsen_2020,
  title   = {Angular Elements: use them everywhere including your Angular app},
  url     = {https://medium.com/@smarth55/angular-elements-use-them-everywhere-including-your-angular-app-697f8e51e08d},
  journal = {Medium},
  author  = {Mackey-Paulsen, Ryan},
  year    = {2020},
  month   = {Jun}
} 
 @misc{nalepa_2020,
  title   = {How to convert Angular component into reusable Web Component?},
  url     = {https://blog.piotrnalepa.pl/2020/02/02/how-to-convert-angular-component-into-reusable-web-component/},
  journal = {Piotr Nalepa – Blog webmasterski | Tutoriale JavaScript, CSS i nie tylko},
  author  = {Nalepa, Piotr},
  year    = {2020},
  month   = {Feb}
} 
 
 @misc{notiz.dev_2020,
  title   = {Angular Elements: Create a Component Library for Angular and the Web},
  url     = {https://medium.com/swlh/angular-elements-create-a-component-library-for-angular-and-the-web-8f7986a82999},
  journal = {Medium},
  author  = {Notiz.dev},
  year    = {2020},
  month   = {Apr}
} 
 @misc{sonara_2020,
  title   = {Angular Elements},
  url     = {https://www.thirdrocktechkno.com/blog/angular-elements/},
  journal = {Third Rock Techkno},
  author  = {Sonara, Nisha},
  year    = {2020},
  month   = {Sep}
} 
 @misc{strumpflohner_2019,
  title   = {Intro to Angular Elements},
  url     = {https://juristr.com/blog/2019/04/intro-to-angular-elements/},
  journal = {Introduction to Angular Elements},
  journal = {juristr},
  author  = {Strumpflohner, Juri},
  year    = {2019},
  month   = {Apr}
} 

@misc{studio_la_cosa_nostra_2020,
  title   = {Build a reusable Angular library and web component},
  url     = {https://studiolacosanostra.github.io/2019/07/19/Build-a-reusable-Angular-library-and-web-component/},
  journal = {Studio La cosa nostra dev blog},
  author  = {Studio La Cosa Nostra},
  year    = {2020},
  month   = {Dec}
} 


 @misc{s_2019,
  title   = {Using Angular Elements - Why and How? - Part 1},
  url     = {https://blog.bitsrc.io/using-angular-elements-why-and-how-part-1-35f7fd4f0457},
  journal = {Medium},
  author  = {S, Rajat},
  year    = {2019},
  month   = {Apr}
} 

 @misc{techiediaries_team_2020,
  title   = {Angular 10/9 Elements Tutorial by Example: Building Web Components},
  url     = {https://www.techiediaries.com/angular/angular-9-elements-web-components/},
  journal = {Techiediaries},
  author  = {Techiediaries Team},
  year    = {2020},
  month   = {Aug}
} 

 @misc{vardanyan_2020,
  title   = {Angular + Web Components: a complete guide - Angular inDepth},
  url     = {https://indepth.dev/posts/1116/angular-web-components-a-complete-guide},
  journal = {inDepthDev},
  author  = {Vardanyan, Armen},
  year    = {2020},
  month   = {Feb}
} 
 
 @misc{williams_2020,
  url     = {https://indepth.dev/posts/1228/web-components-with-angular-elements},
  journal = {indepth.dev},
  author  = {Williams, Chris},
  year    = {2020},
  month   = {Apr}
} 

 @misc{helgevold_2019,
  url       = {https://blog.nrwl.io/upgrading-angularjs-to-angular-using-elements-f2960a98bc0e},
  journal   = {Upgrading AngularJS to Angular using Elements},
  publisher = {Nrwl},
  author    = {Helgevold, Torgeir},
  year      = {2019},
  month     = {Mar}
} 

 @misc{seaman_2019,
  url       = {https://medium.com/capital-one-tech/capital-one-is-using-angular-elements-to-upgrade-from-angularjs-to-angular-42f38ef7f5fd},
  journal   = {How Capital One is Using Angular Elements to Upgrade from AngularJS},
  publisher = {Medium},
  author    = {Seaman, TJ},
  year      = {2019},
  month     = {Aug}
} 

 @misc{remdt_2019,
  url       = {https://itnext.io/handling-data-with-web-components-9e7e4a452e6e},
  journal   = {Handling data with Web Components},
  publisher = {ITNext},
  author    = {Remdt, Andreas},
  year      = {2019},
  month     = {Jun}
} 